@online{lstm,
title={Understanding LSTM Networks},
url={https://colah.github.io/posts/2015-08-Understanding-LSTMs}, journal={Colah.github.io},
year={2021}
}

@article{lu_hong_yu_2019, title={Demand Response for Home Energy Management Using Reinforcement Learning and Artificial Neural Network}, volume={10}, DOI={10.1109/tsg.2019.2909266}, number={6}, journal={IEEE Transactions on Smart Grid}, author={Lu, Renzhi and Hong, Seung Ho and Yu, Mengmeng}, year={2019}, pages={6629-6639}}

@online{project,
title={Machine Learning Project},
url={https://github.com/deborahdore/Machine-Learning-Project},
year={2021}
}

@online{nordpool,
title={Nord Pool},
url={https://www.nordpoolgroup.com/Market-data1/Dayahead/Area-Prices/DK/Hourly/?view=table},
}

@online{PEVdata,
title={Test-An-EV},
url={smarthg.di.uniroma1.it/Test-an-EV},
}

@online{pev,
title={Mitsubishi i-MiEV},
url={https://it.wikipedia.org/wiki/Mitsubishi_i-MiEV},
}

@online{SmartHG,
title={SmartHG: Energy Demand Aware Open Services for Smart Grid Intelligent Automation},
url={http://smarthg.di.uniroma1.it},
}

@book{sutton2018reinforcement,
  title={Reinforcement learning: An introduction},
  author={Sutton, Richard S and Barto, Andrew G},
  year={2018},
  publisher={MIT press}
}

@online{QL,
title={Q-learning simulator},
url={https://www.mladdict.com/q-learning-simulator},
}

@online{pyqlearning,
title={pyqlearning Python library},
url={https://pypi.org/project/pyqlearning},
}
